<record><leader>00000cas a22000007a 4500</leader><controlfield tag="001">13440240</controlfield><controlfield tag="008">860416d1910198unvuwr ne      0   a0eng d</controlfield><datafield ind1=" " ind2=" " tag="010"><subfield code="a">sn 86076005 </subfield></datafield><datafield ind1=" " ind2=" " tag="040"><subfield code="a">NNX</subfield><subfield code="b">eng</subfield><subfield code="c">NNX</subfield><subfield code="d">NSD</subfield><subfield code="d">NNX</subfield><subfield code="d">NSD</subfield><subfield code="d">OCLCQ</subfield></datafield><datafield ind1=" " ind2=" " tag="012"><subfield code="j">0</subfield><subfield code="m">d</subfield></datafield><datafield ind1="1" ind2=" " tag="022"><subfield code="a">0891-513X</subfield><subfield code="l">0891-513X</subfield><subfield code="2">1</subfield></datafield><datafield ind1=" " ind2=" " tag="037"><subfield code="b">Tribune Pub. Co., P.O. Box 887, 1000 C Street, Sparks, NV 89432</subfield></datafield><datafield ind1=" " ind2=" " tag="042"><subfield code="a">msc</subfield><subfield code="a">nsdp</subfield></datafield><datafield ind1=" " ind2="0" tag="222"><subfield code="a">Sparks tribune</subfield></datafield><datafield ind1="0" ind2="0" tag="245"><subfield code="a">Sparks tribune.</subfield></datafield><datafield ind1="3" ind2="0" tag="246"><subfield code="a">Tribune</subfield></datafield><datafield ind1=" " ind2=" " tag="260"><subfield code="a">Sparks, Nev. :</subfield><subfield code="b">Tribune Pub. Co.</subfield></datafield><datafield ind1=" " ind2=" " tag="300"><subfield code="a">v. :</subfield><subfield code="b">ill.</subfield></datafield><datafield ind1=" " ind2=" " tag="310"><subfield code="a">Weekly,</subfield><subfield code="b">Feb. 1, 1951-</subfield></datafield><datafield ind1=" " ind2=" " tag="321"><subfield code="a">Three times a week,</subfield><subfield code="b">&lt;Sept. 1, 1910&gt;-Jan. 5, 1934</subfield></datafield><datafield ind1=" " ind2=" " tag="321"><subfield code="a">Semiweekly,</subfield><subfield code="b">Jan. 9, 1934-Jan. 26, 1951</subfield></datafield><datafield ind1="1" ind2=" " tag="362"><subfield code="a">Began with Aug. 20, 1910 issue.</subfield><subfield code="z">Cf. Lingenfelter, R. Newspapers of Nev., 1854-1979.</subfield></datafield><datafield ind1=" " ind2=" " tag="588"><subfield code="a">Description based on: Vol. 1, no. 6 (Sept. 1, 1910).</subfield></datafield><datafield ind1=" " ind2=" " tag="588"><subfield code="a">Latest issue consulted: Vol. 76, no. 8 (Nov. 6-Nov. 12, 1986).</subfield></datafield><datafield ind1=" " ind2=" " tag="752"><subfield code="a">United States</subfield><subfield code="b">Nevada</subfield><subfield code="c">Washoe</subfield><subfield code="d">Sparks.</subfield></datafield><datafield ind1="0" ind2="0" tag="785"><subfield code="t">Daily Sparks tribune</subfield><subfield code="x">0899-9538</subfield><subfield code="w">(DLC)sn 88001712</subfield><subfield code="w">(OCoLC)18277040</subfield></datafield></record>